<?xml version="1.0" encoding="UTF-8"?><collection xmlns="http://www.loc.gov/MARC21/slim"><record><leader>00456nam--2200157-i-4500</leader><controlfield tag="001">000026603</controlfield><controlfield tag="002">20161230</controlfield><controlfield tag="005">20161230201036</controlfield><controlfield tag="008">060222s1000------------r-----000-0-eng-d</controlfield><datafield ind1=" " ind2=" " tag="080"><subfield code="a">517.6</subfield></datafield><datafield ind1=" " ind2=" " tag="100"><subfield code="a">Kecs, W., Teodorescu, P.P</subfield></datafield><datafield ind1=" " ind2=" " tag="245"><subfield code="a">Introducere in teoria distributiilor cu aplicatii in tehnica</subfield></datafield><datafield ind1=" " ind2=" " tag="260"><subfield code="a">Bucuresti, Ed.Tehnica, 1975, 412p</subfield></datafield><datafield ind1=" " ind2=" " tag="490"><subfield code="a">Seria Matematicii Moderne Aplicate</subfield></datafield><datafield ind1=" " ind2=" " tag="852"><subfield code="a">42643</subfield><subfield code="c">517</subfield></datafield><datafield ind1=" " ind2=" " tag="CAT"><subfield code="a">Sys</subfield><subfield code="c">20080702</subfield><subfield code="h">085136</subfield></datafield></record></collection>